<record><leader>00000cas a22000007a 4500</leader><controlfield tag="001">12127671</controlfield><controlfield tag="008">850607d18921972njuwr ne      0    0eng d</controlfield><datafield ind1=" " ind2=" " tag="010"><subfield code="a">sn 85035776 </subfield></datafield><datafield ind1=" " ind2=" " tag="040"><subfield code="a">NPA</subfield><subfield code="b">eng</subfield><subfield code="c">NPA</subfield><subfield code="d">NSD</subfield><subfield code="d">NJW</subfield><subfield code="d">OCL</subfield><subfield code="d">OCLCQ</subfield></datafield><datafield ind1=" " ind2=" " tag="042"><subfield code="a">msc</subfield></datafield><datafield ind1="0" ind2="4" tag="245"><subfield code="a">The Monitor-register.</subfield></datafield><datafield ind1="3" ind2="0" tag="246"><subfield code="a">Woodstown monitor-register</subfield></datafield><datafield ind1=" " ind2=" " tag="260"><subfield code="a">Woodstown, Salem Co., N.J. :</subfield><subfield code="b">Monitor-Register Co.</subfield></datafield><datafield ind1=" " ind2=" " tag="300"><subfield code="a">v. :</subfield><subfield code="b">ill.</subfield></datafield><datafield ind1=" " ind2=" " tag="310"><subfield code="a">Weekly</subfield></datafield><datafield ind1="1" ind2=" " tag="362"><subfield code="a">Began in 1892?</subfield></datafield><datafield ind1="1" ind2=" " tag="362"><subfield code="a">Ceased in Sept. 1972.</subfield></datafield><datafield ind1=" " ind2=" " tag="500"><subfield code="a">Published as: Woodstown monitor-register, &lt;1900-1907&gt;.</subfield></datafield><datafield ind1=" " ind2=" " tag="500"><subfield code="a">Issue for July 1, 1926 is the "South Jersey Exposition Edition."</subfield></datafield><datafield ind1=" " ind2=" " tag="530"><subfield code="a">Also issued on microfilm by the Rutgers University Library Photoduplication Dept.</subfield></datafield><datafield ind1=" " ind2=" " tag="580"><subfield code="a">Merged with: Salem standard and Jerseyman; Salem sunbeam; Pennsville progress; and: Penns Grove sun, to form: Today's sunbeam.</subfield></datafield><datafield ind1=" " ind2=" " tag="588"><subfield code="a">Description based on: Vol. 24, no. 47 (Jan. 5, 1900).</subfield></datafield><datafield ind1=" " ind2=" " tag="752"><subfield code="a">United States</subfield><subfield code="b">New Jersey</subfield><subfield code="c">Salem</subfield><subfield code="d">Woodstown.</subfield></datafield><datafield ind1="0" ind2="4" tag="780"><subfield code="t">Monitor</subfield><subfield code="w">(DLC)sn 91064052</subfield><subfield code="w">(OCoLC)24493882</subfield></datafield><datafield ind1="0" ind2="4" tag="780"><subfield code="t">Woodstown register</subfield><subfield code="w">(DLC)sn 85025249</subfield><subfield code="w">(OCoLC)11613236</subfield></datafield><datafield ind1="1" ind2="7" tag="785"><subfield code="t">Salem standard and Jerseyman</subfield><subfield code="w">(DLC)sn 84020554</subfield><subfield code="w">(OCoLC)11116399</subfield></datafield><datafield ind1="1" ind2="7" tag="785"><subfield code="t">Salem sunbeam</subfield><subfield code="w">(DLC)sn 84026231</subfield><subfield code="w">(OCoLC)10357083</subfield></datafield><datafield ind1="1" ind2="7" tag="785"><subfield code="t">Pennsville progress</subfield><subfield code="w">(DLC)sn 87068145</subfield><subfield code="w">(OCoLC)15735537</subfield></datafield><datafield ind1="1" ind2="7" tag="785"><subfield code="t">Penns Grove sun</subfield><subfield code="w">(DLC)sn 87068144</subfield><subfield code="w">(OCoLC)15794214</subfield></datafield><datafield ind1="1" ind2="7" tag="785"><subfield code="t">Today's sunbeam</subfield><subfield code="x">0890-9830</subfield><subfield code="w">(DLC)sn 86002851</subfield><subfield code="w">(OCoLC)14513784</subfield></datafield></record>